@book{opper2001advanced,
  title={Advanced mean field methods: Theory and practice},
  author={Opper, Manfred and Saad, David},
  year={2001},
  publisher={MIT press}
}

@article{yedidia2001idiosyncratic,
  title={An idiosyncratic journey beyond mean field theory},
  author={Yedidia, Jonathan},
  journal={Advanced mean field methods: Theory and practice},
  pages={21--36},
  year={2001},
  publisher={MIT Press, Cambridge MA}
}


@article{georges1991expand,
  title={How to expand around mean-field theory using high-temperature expansions},
  author={Georges, Antoine and Yedidia, Jonathan S},
  journal={Journal of Physics A: Mathematical and General},
  volume={24},
  number={9},
  pages={2173},
  year={1991},
  publisher={IOP Publishing}
}

@book{murphy2012machine,
  title={Machine learning: a probabilistic perspective},
  author={Murphy, Kevin P},
  year={2012},
  publisher={MIT press}
}

@article{besag1972nearest,
  title={Nearest-neighbour systems and the auto-logistic model for binary data},
  author={Besag, Julian E},
  journal={Journal of the Royal Statistical Society. Series B (Methodological)},
  pages={75--83},
  year={1972},
  publisher={JSTOR}
}

