@ARTICLE{yedidia2001idiosyncratic,
  AUTHOR       = {Yedidia, Jonathan},
  JOURNALTITLE = {Advanced mean field methods: Theory and practice},
  PAGES        = {21--36},
  PUBLISHER    = {MIT Press, Cambridge MA},
  TITLE        = {An idiosyncratic journey beyond mean field theory},
  YEAR         = {2001},
}

@BOOK{opper2001advanced,
  AUTHOR    = {Opper, Manfred and Saad, David},
  PUBLISHER = {MIT press},
  TITLE     = {Advanced mean field methods: Theory and practice},
  YEAR      = {2001},
}

@ARTICLE{wainwright2008graphical,
  AUTHOR       = {Wainwright, Martin J and Jordan, Michael I},
  JOURNALTITLE = {Foundations and Trends® in Machine Learning},
  NUMBER       = {1-2},
  PAGES        = {1--305},
  PUBLISHER    = {Now Publishers Inc.},
  TITLE        = {Graphical models, exponential families, and variational inference},
  VOLUME       = {1},
  YEAR         = {2008},
}

@ARTICLE{kirkpatrick1978infinite,
  AUTHOR       = {Kirkpatrick, Scott and Sherrington, David},
  JOURNALTITLE = {Physical Review B},
  NUMBER       = {11},
  PAGES        = {4384},
  PUBLISHER    = {APS},
  TITLE        = {Infinite-ranged models of spin-glasses},
  VOLUME       = {17},
  YEAR         = {1978},
}

@ARTICLE{georges1991expand,
  AUTHOR       = {Georges, Antoine and Yedidia, Jonathan S},
  JOURNALTITLE = {Journal of Physics A: Mathematical and General},
  NUMBER       = {9},
  PAGES        = {2173},
  PUBLISHER    = {IOP Publishing},
  TITLE        = {How to expand around mean-field theory using high-temperature expansions},
  VOLUME       = {24},
  YEAR         = {1991},
}

@ARTICLE{plefka1982convergence,
  AUTHOR       = {Plefka, T},
  JOURNALTITLE = {Journal of Physics A: Mathematical and general},
  NUMBER       = {6},
  PAGES        = {1971},
  PUBLISHER    = {IOP Publishing},
  TITLE        = {Convergence condition of the TAP equation for the infinite-ranged Ising spin glass model},
  VOLUME       = {15},
  YEAR         = {1982},
}

@ARTICLE{ackley1985learning,
  AUTHOR       = {Ackley, David H and Hinton, Geoffrey E and Sejnowski, Terrence J},
  JOURNALTITLE = {Cognitive science},
  NUMBER       = {1},
  PAGES        = {147--169},
  PUBLISHER    = {Elsevier},
  TITLE        = {A learning algorithm for Boltzmann machines},
  VOLUME       = {9},
  YEAR         = {1985},
}

@ARTICLE{le2008representational,
  AUTHOR       = {Le Roux, Nicolas and Bengio, Yoshua},
  JOURNALTITLE = {Neural computation},
  NUMBER       = {6},
  PAGES        = {1631--1649},
  PUBLISHER    = {MIT Press},
  TITLE        = {Representational power of restricted Boltzmann machines and deep belief networks},
  VOLUME       = {20},
  YEAR         = {2008},
}

@INPROCEEDINGS{gabrie2015training,
  AUTHOR    = {Gabrié, Marylou and Tramel, Eric W and Krzakala, Florent},
  BOOKTITLE = {Advances in Neural Information Processing Systems},
  PAGES     = {640--648},
  TITLE     = {Training Restricted Boltzmann Machine via the￼ Thouless-Anderson-Palmer free energy},
  YEAR      = {2015},
}

@INPROCEEDINGS{welling2002new,
  AUTHOR       = {Welling, Max and Hinton, Geoffrey E},
  BOOKTITLE    = {International Conference on Artificial Neural Networks},
  ORGANIZATION = {Springer},
  PAGES        = {351--357},
  TITLE        = {A new learning algorithm for mean field Boltzmann machines},
  YEAR         = {2002},
}

@BOOK{murphy2012machine,
  AUTHOR    = {Murphy, Kevin P},
  PUBLISHER = {MIT Press},
  TITLE     = {Machine learning: a probabilistic perspective},
  YEAR      = {2012},
}

@ARTICLE{bolthausen2014iterative,
  AUTHOR       = {Bolthausen, Erwin},
  JOURNALTITLE = {Communications in Mathematical Physics},
  NUMBER       = {1},
  PAGES        = {333--366},
  PUBLISHER    = {Springer},
  TITLE        = {An iterative construction of solutions of the TAP equations for the Sherrington--Kirkpatrick model},
  VOLUME       = {325},
  YEAR         = {2014},
}

@INPROCEEDINGS{tieleman2008training,
  AUTHOR       = {Tieleman, Tijmen},
  BOOKTITLE    = {Proceedings of the 25th international conference on Machine learning},
  ORGANIZATION = {ACM},
  PAGES        = {1064--1071},
  TITLE        = {Training restricted Boltzmann machines using approximations to the likelihood gradient},
  YEAR         = {2008},
}

@ARTICLE{robbins1951stochastic,
  AUTHOR       = {Robbins, Herbert and Monro, Sutton},
  JOURNALTITLE = {The annals of mathematical statistics},
  PAGES        = {400--407},
  PUBLISHER    = {JSTOR},
  TITLE        = {A stochastic approximation method},
  YEAR         = {1951},
}

@ARTICLE{bottou1998online,
  AUTHOR       = {Bottou, Léon},
  JOURNALTITLE = {On-line learning in neural networks},
  NUMBER       = {9},
  PAGES        = {142},
  PUBLISHER    = {Cambridge Univ Pr},
  TITLE        = {Online learning and stochastic approximations},
  VOLUME       = {17},
}

@ARTICLE{hinton2002training,
  AUTHOR       = {Hinton, Geoffrey E},
  JOURNALTITLE = {Neural computation},
  NUMBER       = {8},
  PAGES        = {1771--1800},
  PUBLISHER    = {MIT Press},
  TITLE        = {Training products of experts by minimizing contrastive divergence},
  VOLUME       = {14},
  YEAR         = {2002},
}

@ARTICLE{neal1992connectionist,
  AUTHOR       = {Neal, Radford M},
  JOURNALTITLE = {Artificial intelligence},
  NUMBER       = {1},
  PAGES        = {71--113},
  PUBLISHER    = {Elsevier},
  TITLE        = {Connectionist learning of belief networks},
  VOLUME       = {56},
  YEAR         = {1992},
}

@ARTICLE{besag1972nearest,
  AUTHOR       = {Besag, Julian E},
  JOURNALTITLE = {Journal of the Royal Statistical Society. Series B (Methodological)},
  PAGES        = {75--83},
  PUBLISHER    = {JSTOR},
  TITLE        = {Nearest-neighbour systems and the auto-logistic model for binary data},
  YEAR         = {1972},
}

@REPORT{lecun1998,
  AUTHOR = {LeCun, Yann and Cortes, Corinna},
  TITLE  = {The MNIST database of handwritten digits},
  TYPE   = {techreport},
  YEAR   = {1998},
}

@REPORT{salakhutdinov2008learning,
  AUTHOR = {Salakhutdinov, Ruslan},
  TITLE  = {Learning and evaluating Boltzmann machines},
  TYPE   = {techreport},
  YEAR   = {2008},
}

@REPORT{minka2005divergence,
  AUTHOR = {Minka, Tom and others},
  TITLE  = {Divergence measures and message passing},
  TYPE   = {techreport},
}

@ARTICLE{jarzynski1997nonequilibrium,
  AUTHOR       = {Jarzynski, Christopher},
  JOURNALTITLE = {Physical Review Letters},
  NUMBER       = {14},
  PAGES        = {2690},
  PUBLISHER    = {APS},
  TITLE        = {Nonequilibrium equality for free energy differences},
  VOLUME       = {78},
  YEAR         = {1997},
}

@ARTICLE{neal2001annealed,
  AUTHOR       = {Neal, Radford M},
  JOURNALTITLE = {Statistics and Computing},
  NUMBER       = {2},
  PAGES        = {125--139},
  PUBLISHER    = {Springer},
  TITLE        = {Annealed importance sampling},
  VOLUME       = {11},
  YEAR         = {2001},
}

@INPROCEEDINGS{salakhutdinov2008quantitative,
  AUTHOR       = {Salakhutdinov, Ruslan and Murray, Iain},
  BOOKTITLE    = {Proceedings of the 25th international conference on Machine learning},
  ORGANIZATION = {ACM},
  PAGES        = {872--879},
  TITLE        = {On the quantitative analysis of deep belief networks},
  YEAR         = {2008},
}

@ARTICLE{hinton2006reducing,
  AUTHOR       = {Hinton, Geoffrey E and Salakhutdinov, Ruslan R},
  JOURNALTITLE = {Science},
  NUMBER       = {5786},
  PAGES        = {504--507},
  PUBLISHER    = {American Association for the Advancement of Science},
  TITLE        = {Reducing the dimensionality of data with neural networks},
  VOLUME       = {313},
  YEAR         = {2006},
}

@ARTICLE{montufar2010refinements,
  AUTHOR       = {Montufar, Guido and Ay, Nihat},
  JOURNALTITLE = {arXiv preprint arXiv:1005.1593},
  TITLE        = {Refinements of universal approximation results for deep belief networks and restricted Boltzmann machines},
  YEAR         = {2010},
}

